Untuk setiap referensi, baris pertama (newton1687) merupakan label dan baris-baris berikutnya
merupakan atribut dari referensi yang akan digunakan. Umumnya, format referensi berikut sudah
disediakan oleh penyedia sumber referensi secara online dan bisa langsung ditaruh di sini.

Lihat https://www.bibtex.com/g/bibtex-format/ untuk informasi lebih lanjut mengenai format
BibTex yang digunakan pada file ini.

@article{newton1687,
  author  = {Isaac Newton},
  journal = {Philosophiæ Naturalis Principia Mathematica},
  title   = {Axioms or Laws of Motion},
  year    = {1687}
}

@misc{roketluarangkasa,
  title   = {Roket Luar Angkasa Discovery},
  year    = 2021,
  url     = {https://airandspace.si.edu/explore-and-learn/topics/discovery/about.cfm},
  urldate = {2021-02-03}}

@article{cit:1,  author={A. R. {Fayjie} and S. {Hossain} and D. {Oualid} and D. {Lee}},  booktitle={2018 15th International Conference on Ubiquitous Robots (UR)},   title={Driverless Car: Autonomous Driving Using Deep Reinforcement Learning in Urban Environment},   year={2018},  volume={},  number={},  pages={896-901},  doi={10.1109/URAI.2018.8441797}}
@article{cit:2,  author={A. {Folkers} and M. {Rick} and C. {Büskens}},  booktitle={2019 IEEE Intelligent Vehicles Symposium (IV)},   title={Controlling an Autonomous Vehicle with Deep Reinforcement Learning},   year={2019},  volume={},  number={},  pages={2025-2031},  doi={10.1109/IVS.2019.8814124}}
@article{cit:3,  author={W. {Xia} and H. {Li} and B. {Li}},  booktitle={2016 9th International Symposium on Computational Intelligence and Design (ISCID)},   title={A Control Strategy of Autonomous Vehicles Based on Deep Reinforcement Learning},   year={2016},  volume={2},  number={},  pages={198-201},  doi={10.1109/ISCID.2016.2054}}
@article{cit:d4rl, title={D4RL: Datasets for Deep Data-Driven Reinforcement Learning}, url={https://arxiv.org/abs/2004.07219}, journal={arXiv.org}, author={Fu, Justin and Kumar, Aviral and Nachum, Ofir and Tucker, George and Levine, Sergey}, year={2020} }
@article{cit:carlasim, title={CARLA: An Open Urban Driving Simulator}, url={https://arxiv.org/abs/1711.03938}, journal={arXiv.org}, author={Dosovitskiy, Alexey and Ros, German and Codevilla, Felipe and Lopez, Antonio and Koltun, Vladlen}, year={2017} }
@article{cit:autonomdrive_roundabout_qlearning, title={Autonomous Driving in Roundabout Maneuvers Using Reinforcement Learning with Q-Learning}, url={https://www.researchgate.net/publication/337943400_Autonomous_Driving_in_Roundabout_Maneuvers_Using_Reinforcement_Learning_with_Q-Learning}, journal={ResearchGate}, publisher={Univerziteta Banja Luka, Elektrotehnicki Fakultet}, author={Laura Garcia Cuenca and Enrique Puertas Sanz and Fernández, Javier and Nourdine Aliane}, year={2019}, month={Dec} }
@article{cit:autonomous_vehicle_future,  author={M. V. {Rajasekhar} and A. K. {Jaswal}},  booktitle={2015 IEEE International Transportation Electrification Conference (ITEC)},   title={Autonomous vehicles: The future of automobiles},   year={2015},  volume={},  number={},  pages={1-6},  doi={10.1109/ITEC-India.2015.7386874}}
@article{cit:intro_to_deeprl, title={An Introduction to Deep Reinforcement Learning}, volume={11}, url={https://arxiv.org/abs/1811.12560}, DOI={10.1561/2200000071}, number={3-4}, journal={Foundations and Trends® in Machine Learning}, author={François-Lavet, Vincent and Henderson, Peter and Islam, Riashat and Bellemare, Marc G. and Pineau, Joelle}, year={2018}, pages={219–354} }
@book{cit:rl_book, place={Birmingham, UK}, title={Hands-on reinforcement learning with Python: master reinforcement and deep reinforcement learning using OpenAI Gym and TensorFlow}, publisher={Packt Publishing}, author={Ravichandiran, Sudharsan}, year={2018}}
@article{cit:icar_its_news,
	author  = {itsnews},
	title   = {I-Car, ITS Special Gift For Indonesia},
	journal = {ITS News},
	url     = {https://www.its.ac.id/news/en/2020/08/18/i-car-its-special-gift-for-indonesia/},
	year={2020}, month={Aug}
}
@article{cit:icar_menristekbrin,
	author  = {menristekbrin},
	title   = {Menristek/Kepala BRIN Luncurkan iCar ITS},
	journal = {Biro Kerja Sama dan Komunikasi Publik Kemenristek/BRIN},
	url     = {https://www.ristekbrin.go.id/menristek-kepala-brin-luncurkan-icar-its/},
	year={2020}, month={Aug}
}
@article{cit:sae_def, title={j3016b: taxonomy and definitions for terms related to driving automation systems for on-road motor vehicles}, url={https://www.sae.org/standards/content/j3016_201806/}, journal={Sae.org}, year={2018} month={Jun}}
@book{cit:ml_patternrecog, title={Pattern Recognition and Machine Learning | Christopher Bishop | Springer}, url={https://www.springer.com/gp/book/9780387310732}, journal={Springer.com}, author={Pattern Recognition and Machine Learning}, year={2020} }
@article{cit:deep_learning, title={Deep learning in neural networks: An overview}, volume={61}, url={https://arxiv.org/abs/1404.7828}, DOI={10.1016/j.neunet.2014.09.003}, journal={Neural Networks}, author={Schmidhuber, Jürgen}, year={2015}, month={Jan}, pages={85–117} }

‌
‌
‌‌



@article{cit:news_template,
	author  = {Darroch, Gordon},
	date    = {2017-03-12},
	title   = {Netherlands 'will pay the price' for blocking Turkish visit – Erdoğan},
	journal = {The Guardian},
	url     = {https://www.theguardian.com/world/2017/mar/12/netherlands-will-pay-the-price-for-blocking-turkish-visit-erdogan},
	urldate = {2017-03-12}
}
‌
‌